@book{murakami2012continuum,
  title={Continuum damage mechanics: a continuum mechanics approach to the analysis of damage and fracture},
  author={Murakami, Sumio},
  volume={185},
  year={2012},
  publisher={Springer Science \& Business Media}
}


@article{maimi2007continuum,
  title={A continuum damage model for composite laminates: Part I--Constitutive model},
  author={Maim{\'\i}, P and Camanho, Pedro Ponces and Mayugo, JA and D{\'a}vila, CG},
  journal={Mechanics of materials},
  volume={39},
  number={10},
  pages={897--908},
  year={2007},
  publisher={Elsevier}
}


@article{maimi2007continuum,
  title={A continuum damage model for composite laminates: Part II--Computational implementation and validation},
  author={Maim{\'\i}, P and Camanho, Pedro Ponces and Mayugo, JA and D{\'a}vila, CG},
  journal={Mechanics of materials},
  volume={39},
  number={10},
  pages={909--919},
  year={2007},
  publisher={Elsevier}
}


@article{lapczyk2007progressive,
  title={Progressive damage modeling in fiber-reinforced materials},
  author={Lapczyk, Ireneusz and Hurtado, Juan A},
  journal={Composites Part A: Applied Science and Manufacturing},
  volume={38},
  number={11},
  pages={2333--2341},
  year={2007},
  publisher={Elsevier}
}


@inproceedings{wang2009three,
  title={Three dimensional continuum damage mechanics model of progressive failure analysis in fibre-reinforced composite laminates},
  author={Wang, Yuequan and Tong, Mingbo and Zhu, Shuhua},
  booktitle={50th AIAA/ASME/ASCE/AHS/ASC Structures, Structural Dynamics, and Materials Conference 17th AIAA/ASME/AHS Adaptive Structures Conference 11th AIAA No},
  pages={2629},
  year={2009}
}



@article{peerlings1999enhanced,
  title={Enhanced damage modelling for fracture and fatigue},
  author={Peerlings, Ronnie Henricus Johannes},
  year={1999}
}


@article{jiang2018evaluations,
  title={Evaluations of failure initiation criteria for predicting damages of composite structures under crushing loading},
  author={Jiang, Hongyong and Ren, Yiru and Liu, Zhihui and Zhang, Songjun and Wang, Xiaoqing},
  journal={Journal of Reinforced Plastics and Composites},
  volume={37},
  number={21},
  pages={1279--1303},
  year={2018},
  publisher={SAGE Publications Sage UK: London, England}
}


@article{lempriere1968poisson,
  title={Poisson's ratio in orthotropic materials.},
  author={Lempriere, BM},
  journal={Aiaa Journal},
  volume={6},
  number={11},
  pages={2226--2227},
  year={1968}
}


@article{hashin1980failure,
  title={Failure criteria for unidirectional fiber composites},
  author={Hashin, Zvi},
  year={1980}
}

@article{el2015efficient,
  title={Efficient 3D modeling of damage in composite materials},
  author={El-Sisi, Alaa El-Din A and El-Emam, Hesham M and Salim, Hani A and Sallam, Hossam El-Din M},
  journal={Journal of Composite Materials},
  volume={49},
  number={7},
  pages={817--828},
  year={2015},
  publisher={SAGE Publications Sage UK: London, England}
}


@article{fassin2019gradient,
  title={Gradient-extended anisotropic brittle damage modeling using a second order damage tensor--theory, implementation and numerical examples},
  author={Fassin, Marek and Eggersmann, Robert and Wulfinghoff, Stephan and Reese, Stefanie},
  journal={International Journal of Solids and Structures},
  volume={167},
  pages={93--126},
  year={2019},
  publisher={Elsevier}
}


@article{falzon2011numerical,
  title={Numerical analysis of intralaminar failure mechanisms in composite structures. Part I: FE implementation},
  author={Falzon, BG and Apruzzese, Paola},
  journal={Composite Structures},
  volume={93},
  number={2},
  pages={1039--1046},
  year={2011},
  publisher={Elsevier}
}


@article{falzon2011numerical,
  title={Numerical analysis of intralaminar failure mechanisms in composite structures. Part II: Applications},
  author={Falzon, B Gꎬ and Apruzzese, Paola},
  journal={Composite Structures},
  volume={93},
  number={2},
  pages={1047--1053},
  year={2011},
  publisher={Elsevier}
}


@article{sokolinsky2011numerical,
  title={Numerical simulation of the crushing process of a corrugated composite plate},
  author={Sokolinsky, Vladimir S and Indermuehle, Kyle C and Hurtado, Juan A},
  journal={Composites Part A: Applied Science and Manufacturing},
  volume={42},
  number={9},
  pages={1119--1126},
  year={2011},
  publisher={Elsevier}
}


@article{cervera2006smeared,
  title={Smeared crack approach: back to the original track},
  author={Cervera, Miguel and Chiumenti, Michele},
  journal={International journal for numerical and analytical methods in geomechanics},
  volume={30},
  number={12},
  pages={1173--1199},
  year={2006},
  publisher={Wiley Online Library}
}


@article{geers1998experimental,
  title={Experimental analysis and computational modelling of damage and fracture.},
  author={Geers, Marc Georges Denis},
  year={1998}
}



@article{matzenmiller1995constitutive,
  title={A constitutive model for anisotropic damage in fiber-composites},
  author={Matzenmiller, ALJTR and Lubliner, Jacob and Taylor, Robert L},
  journal={Mechanics of materials},
  volume={20},
  number={2},
  pages={125--152},
  year={1995},
  publisher={Elsevier}
}


@article{lin1999ansys,
  title={ANSYS User Material Subroutine USERMAT},
  author={Lin, G},
  journal={ANSYS, Canonsburg, PA},
  year={1999}
}

@misc{cplane,
  author = {P.Nikethan},
  title = {{Composite materials in a Boeing 787 'Dreamliner' }},
  howpublished = "\url{https://www.slideshare.net/nagababutallam/composite-materials-in-aerospace-industry}",
  year = {2016}, 
  note = "[Online; accessed 5-August-2021]"
}

@misc{cp,
  author = {TWI},
  title = {{Composite materials}},
  howpublished = "\url{https://www.twi-global.com/technical-knowledge/faqs/what-is-a-composite-material#:~:text=A%20composite%20material%20is%20a,also%20improve%20strength%20and%20stiffness.}",
  year = {2016}, 
  note = "[Online; accessed 15-July-2021]"
}

@article{rafi2007analytical,
  title={Analytical modeling of concrete beams reinforced with carbon FRP bars},
  author={Rafi, Muhammad Masood and Nadjai, Ali and Ali, Faris},
  journal={Journal of Composite Materials},
  volume={41},
  number={22},
  pages={2675--2690},
  year={2007},
  publisher={Sage Publications Sage UK: London, England}
}

@article{hill1963elastic,
  title={Elastic properties of reinforced solids: some theoretical principles},
  author={Hill, Rodney},
  journal={Journal of the Mechanics and Physics of Solids},
  volume={11},
  number={5},
  pages={357--372},
  year={1963},
  publisher={Elsevier}
}

@article{hashin1983analysis,
  title={Analysis of composite materials—a survey},
  author={Hashin, Zvi},
  year={1983}
}


@book{lemaitre2012course,
  title={A course on damage mechanics},
  author={Lemaitre, Jean},
  year={2012},
  publisher={Springer Science \& Business Media}
}


@book{kachanov1986introduction,
  title={Introduction to continuum damage mechanics},
  author={Kachanov, Lasar},
  volume={10},
  year={1986},
  publisher={Springer Science \& Business Media}
}

@article{kachanov1958rupture,
  title={On the rupture time under the condition of creep},
  author={Kachanov, LM},
  journal={Izv. Akad. Nauk SSSR, Otd. Tekh. Nauk},
  volume={8},
  pages={26},
  year={1958}
}

@article{lemaitre1978aspect,
  title={Aspect ph{\'e}nom{\'e}nologique de la rupture par endommagement},
  author={Lemaitre, J and Chaboche, Jean-Louis},
  journal={J M{\'e}c Appl},
  volume={2},
  number={3},
  year={1978}
}

@incollection{cordebois1982damage,
  title={Damage induced elastic anisotropy},
  author={Cordebois, JP and Sidoroff, F},
  booktitle={Mechanical Behavior of Anisotropic Solids/Comportment M{\'e}chanique des Solides Anisotropes},
  pages={761--774},
  year={1982},
  publisher={Springer}
}

@misc{ortho,
  author = {efunda},
  title = {{Elastic stiffness matrix of an orthotropic material }},
  howpublished = "\url{https://www.efunda.com/formulae/solid_mechanics/mat_mechanics/hooke_orthotropic.cfm}",
  note = "[Online; accessed 5-June-2021]"
}

@misc{octave,
  author = {Octave},
  title = {{GNU Octave website}},
  howpublished = "\url{https://www.gnu.org/software/octave/download}",
  note = "[Online; accessed 5-June-2021]"
}


@misc{frp,
  author = {Wikipedia},
  title = {{Fibre-reinforced composite}},
  howpublished = "\url{https://en.wikipedia.org/wiki/Fiber-reinforced_composite}",
  note = "[Online; accessed 10-June-2021]"
}


@book{sleight1999progressive,
  title={Progressive failure analysis methodology for laminated composite structures},
  author={Sleight, David W},
  year={1999},
  publisher={Citeseer}
}


@misc{codes,
  author = {B.Kiefer},
  title = {{Constitutive driver routines}},
  howpublished = "Driver routines provided during the plasticity course (CMS) for testing the implemented material models",
  note = "[coded by: B. Kiefer 15 Nov 2011, analytical solution added: S. Prueger 10 Dec 2018]"
  }


@misc{ubt,
  author = {Brainkart},
  title = {{Uni, Bi and Triaxial tension}},
  howpublished = "\url{https://www.brainkart.com/article/Triaxial-Stress,-Biaxial-Stress,-and-Uniaxial-Stress_5991/#:~:text=A%20two%2Ddimensional%20state%20of,called%20a%20uniaxial%20stress%20state.}",
  note = "[Online; accessed 20-August-2021]"
}

@article{seupel2018efficient,
  title={An efficient FE-implementation of implicit gradient-enhanced damage models to simulate ductile failure},
  author={Seupel, Andreas and H{\"u}tter, Geralf and Kuna, Meinhard},
  journal={Engineering Fracture Mechanics},
  volume={199},
  pages={41--60},
  year={2018},
  publisher={Elsevier}
}